<?xml version="1.0" encoding="UTF-8"?><collection xmlns="http://www.loc.gov/MARC21/slim"><record><leader>00522nam--2200157-i-4500</leader><controlfield tag="001">000036535</controlfield><controlfield tag="002">20161230</controlfield><controlfield tag="005">20161230201041</controlfield><controlfield tag="008">060222s1000------------r-----000-0-eng-d</controlfield><datafield ind1=" " ind2=" " tag="080"><subfield code="a">517.3:517.5</subfield></datafield><datafield ind1="1" ind2=" " tag="100"><subfield code="a">Polya,G. And Szego,G</subfield></datafield><datafield ind1="1" ind2="0" tag="245"><subfield code="a">Problems and theorems in analysis. vol.1. series. integral calculus. theory of functions</subfield></datafield><datafield ind1=" " ind2=" " tag="260"><subfield code="a">New York, Springer-verlag, 1972. Xix+389p</subfield></datafield><datafield ind1=" " ind2=" " tag="490"><subfield code="a">Die Grundlehren Der Mathematischen Wissenschaften</subfield><subfield code="v">Band 193</subfield></datafield><datafield ind1=" " ind2=" " tag="852"><subfield code="a">42185</subfield><subfield code="c">517.2/3</subfield></datafield><datafield ind1=" " ind2=" " tag="CAT"><subfield code="a">Sys</subfield><subfield code="c">20080717</subfield><subfield code="h">130530</subfield></datafield></record></collection>